
@misc{ChatGPT2023,
  author       = {ChatGPT},
  title        = {Conversations and Assistance in Formatting, Editing, and LaTeX},
  year         = {2023},
  note         = {Available at OpenAI},
}

@inproceedings{he2015delving,
  title={Delving deep into rectifiers: Surpassing human-level performance on imagenet classification},
  author={He, Kaiming and Zhang, Xiangyu and Ren, Shaoqing and Sun, Jian},
  booktitle={Proceedings of the IEEE international conference on computer vision},
  pages={1026--1034},
  year={2015}
}