@article{Smed2014InteractiveSA,
  title={Interactive Storytelling: Approaches, Applications, and Aspirations},
  author={Jouni Smed},
  journal={Int. J. Virtual Communities Soc. Netw.},
  year={2014},
  volume={6},
  pages={22-34},
  url={https://api.semanticscholar.org/CorpusID:10707197}
}

@inproceedings{Peinado2007AutomaticDO,
  title={Automatic Direction of Interactive Storytelling: Formalizing the Game Master Paradigm},
  author={Federico Peinado and Pablo Gerv{\'a}s},
  booktitle={International Conference on Virtual Storytelling},
  year={2007},
  url={https://api.semanticscholar.org/CorpusID:1966663}
}

@article{Park2023GenerativeAI,
  title={Generative Agents: Interactive Simulacra of Human Behavior},
  author={Joon Sung Park and Joseph C. O'Brien and others},
  journal={ArXiv},
  year={2023},
  volume={abs/2304.03442},
  url={https://api.semanticscholar.org/CorpusID:258040990}
}

@article{Junprung2023ExploringTI,
  title={Exploring the Intersection of Large Language Models and Agent-Based Modeling via Prompt Engineering},
  author={Edward Junprung},
  journal={ArXiv},
  year={2023},
  volume={abs/2308.07411},
  url={https://api.semanticscholar.org/CorpusID:260899853}
}

@book{Perkins2023CurseOfStrahd,
  title={Curse of Strahd},
  author={Christopher Perkins and Adam Lee and others},
  year={2016},
  publisher={Wizards of the Coast},
  note={Lead Designer: Christopher Perkins. Creative Consultants: Tracy and Laura Hickman. This book is based on the 32-page D\&D adventure Ravenloft published in 1983 by TSR, Inc.},
}

@article{Anderljung2023FrontierAR,
  title={Frontier AI Regulation: {\\} Managing Emerging Risks to Public Safety},
  author={Markus Anderljung and Joslyn Barnhart and others},
  journal={ArXiv},
  year={2023},
  volume={abs/2307.03718},
  url={https://api.semanticscholar.org/CorpusID:259375553}
}

@misc{ChatGPT2023,
  author       = {ChatGPT},
  title        = {Conversations and Assistance in Formatting, Editing, and LaTeX},
  year         = {2023},
  note         = {Available at OpenAI},
}
