
@article{zheng2023judging,
  title={Judging LLM-as-a-judge with MT-Bench and Chatbot Arena},
  author={Zheng, Lianmin and Chiang, Wei-Lin and Sheng, Ying and Zhuang, Siyuan and Wu, Zhanghao and Zhuang, Yonghao and Lin, Zi and Li, Zhuohan and Li, Dacheng and Xing, Eric and others},
  journal={arXiv preprint arXiv:2306.05685},
  year={2023}
}

@article{wang2023recursively,
  title={Recursively summarizing enables long-term dialogue memory in large language models},
  author={Wang, Qingyue and Ding, Liang and Cao, Yanan and Tian, Zhiliang and Wang, Shi and Tao, Dacheng and Guo, Li},
  journal={arXiv preprint arXiv:2308.15022},
  year={2023}
}

@misc{ChatGPT2023,
  author       = {ChatGPT},
  title        = {Conversations and Assistance in Formatting, Editing, and LaTeX},
  year         = {2023},
  note         = {Available at OpenAI},
}